@misc{about-lorem,
  author   = {Lorem Ipsum},
  title    = {About Lipsum},
  note     = {\url{https://www.lipsum.com/}},
  keywords = {lipsum,dummy,text},
  year     = 2022
}

@misc{squid,
  author   = {Squid Cache},
  title    = {The official website},
  note     = {\url{http://www.squid-cache.org/}},
  keywords = {squid,proxy,cache},
  year     = 2022
}

@misc{latex-project,
  author   = {The LaTeX Group},
  title    = {The official website},
  note     = {\url{https://www.latex-project.org/}},
  keywords = {latex,typesetting,writing},
  year     = 2022
}

@misc{nvidia,
  author = {NVIDIA},
  title={Recommendation System},
  note = {\url{https://www.nvidia.com/en-us/glossary/data-science/recommendation-system/}}
}

@misc{wikipedia,
  author = {Wikipedia},
  title={Project Jupyter},
  note = {\url{https://en.wikipedia.org/wiki/Project_Jupyter/}}
}
